@InProceedings{RNTIB,
author = {F.Bouillot, P.Poncelet, M.Roche},
title = { De nouvelles pondérations adaptées à la classification de petits volumes de données textuelles.},
booktitle = {Actes des 14ièmes Journées Francophone "Extraction et Gestion des Connaissances" (EGC 2014)},
year = {2014}
}